@inproceedings{bezemer2010multi,
title={Multi-tenant SaaS applications: maintenance dream or nightmare?},
author={Bezemer, Cor-Paul and Zaidman, Andy},
booktitle={Proceedings of the Joint ERCIM Workshop on Software Evolution (EVOL) and International Workshop on Principles of Software Evolution (IWPSE)},
pages={88--92},
year={2010},
organization={ACM},
howpublished = "\url{http://www.st.ewi.tudelft.nl/~zaidman/publications/bezemerIWPSE2010.pdf}",
},

@inproceedings{guo2007framework,
title={A framework for native multi-tenancy application development and management},
author={Guo, Chang Jie and Sun, Wei and Huang, Ying and Wang, Zhi Hu and Gao, Bo},
booktitle={E-Commerce Technology and the 4th IEEE International Conference on Enterprise Computing, E-Commerce, and E-Services, 2007. CEC/EEE 2007. The 9th IEEE International Conference on},
pages={551--558},
year={2007},
organization={IEEE},
howpublished = "\url{http://ieeexplore.ieee.org/ielx5/4285175/4285176/04285271.pdf?tp=&arnumber=4285271&isnumber=4285176}",
},

@inproceedings{bezemer2010enabling,
title={Enabling multi-tenancy: An industrial experience report},
author={Bezemer, C-P and Zaidman, Andy and Platzbeecker, Bart and Hurkmans, Toine and t Hart, A},
booktitle={Software Maintenance (ICSM), 2010 IEEE International Conference on},
pages={1--8},
year={2010},
organization={IEEE},
howpublished = "\url{http://swerl.tudelft.nl/twiki/pub/Main/TechnicalReports/TUD-SERG-2010-030.pdf}",
},

@article{espadas2013tenant,
title={A tenant-based resource allocation model for scaling Software-as-a-Service applications over cloud computing infrastructures},
author={Espadas, Javier and Molina, Arturo and Jim{\'e}nez, Guillermo and Molina, Mart{\'\i}n and Ram{\'\i}rez, Ra{\'u}l and Concha, David},
journal={Future Generation Computer Systems},
volume={29},
number={1},
pages={273--286},
year={2013},
publisher={Elsevier},
howpublished="\url{http://ac.els-cdn.com/S0167739X1100210X/1-s2.0-S0167739X1100210X-main.pdf?_tid=33d735d4-9499-11e3-bb93-00000aacb360&acdnat=1392287327_57706e8653394edc65a8a893b8fe363a}"
},

% cited by: 107 (15 feb 2014)
% How variability modeling techniques from software product line engineering
% can support SaaS providers in managing the variability of SaaS applications
% and their requirements.
% Specifically, we propose using explicit variability models to systematically 
% derive customization and deployment information for individual SaaS tenants. 
% We also demonstrate how variability models could be used to systematically 
% consider information about already deployed SaaS applications for efficiently
% deploying SaaS applications for new tenants. We illustrate our approach by a
% running example for a meeting planning application.
@inproceedings{mietzner2009variability,
title={Variability modeling to support customization and deployment of multi-tenant-aware Software as a Service applications},
author={Mietzner, Ralph and Metzger, Andreas and Leymann, Frank and Pohl, Klaus},
booktitle={Proceedings of the 2009 ICSE Workshop on Principles of Engineering Service Oriented Systems},
pages={18--25},
year={2009},
organization={IEEE Computer Society}
},